<record><leader>00000cas a22000007a 4500</leader><controlfield tag="001">30057058</controlfield><controlfield tag="008">940330d18681873vauwr ne      0    0eng d</controlfield><datafield ind1=" " ind2=" " tag="010"><subfield code="a">sn 93052699 </subfield></datafield><datafield ind1=" " ind2=" " tag="040"><subfield code="a">CNK</subfield><subfield code="b">eng</subfield><subfield code="c">CNK</subfield><subfield code="d">NVK</subfield><subfield code="d">OCLCQ</subfield><subfield code="d">OCLCF</subfield><subfield code="d">OCLCO</subfield></datafield><datafield ind1="1" ind2=" " tag="029"><subfield code="a">AU@</subfield><subfield code="b">000025902839</subfield></datafield><datafield ind1=" " ind2=" " tag="042"><subfield code="a">msc</subfield></datafield><datafield ind1=" " ind2=" " tag="043"><subfield code="a">n-us-va</subfield></datafield><datafield ind1="0" ind2=" " tag="130"><subfield code="a">Bedford sentinel (Liberty, Va. : 1868: Weekly)</subfield></datafield><datafield ind1="1" ind2="0" tag="245"><subfield code="a">Bedford sentinel.</subfield></datafield><datafield ind1=" " ind2=" " tag="260"><subfield code="a">Liberty, Va. :</subfield><subfield code="b">M. Davis</subfield></datafield><datafield ind1=" " ind2=" " tag="300"><subfield code="a">v. :</subfield><subfield code="b">ill. ;</subfield><subfield code="c">60 cm.</subfield></datafield><datafield ind1=" " ind2=" " tag="310"><subfield code="a">Weekly (Fri.)</subfield></datafield><datafield ind1=" " ind2=" " tag="500"><subfield code="a">Editor: W.W. Berry.</subfield></datafield><datafield ind1=" " ind2=" " tag="500"><subfield code="a">Liberty changed to Bedford City in 1890; changed to Bedford in 1912.</subfield></datafield><datafield ind1=" " ind2=" " tag="588"><subfield code="a">Description based on: Vol. 2, no. 6 (Sept. 11, 1868).</subfield></datafield><datafield ind1=" " ind2="0" tag="651"><subfield code="a">Bedford (Va.)</subfield><subfield code="v">Newspapers.</subfield></datafield><datafield ind1=" " ind2="7" tag="655"><subfield code="a">Newspapers.</subfield><subfield code="2">fast</subfield><subfield code="0">(OCoLC)fst01423814</subfield></datafield><datafield ind1=" " ind2="7" tag="651"><subfield code="a">Virginia</subfield><subfield code="z">Bedford.</subfield><subfield code="2">fast</subfield><subfield code="0">(OCoLC)fst01224809</subfield></datafield><datafield ind1=" " ind2=" " tag="752"><subfield code="a">United States</subfield><subfield code="b">Virginia</subfield><subfield code="d">Bedford.</subfield></datafield><datafield ind1=" " ind2=" " tag="752"><subfield code="a">United States</subfield><subfield code="b">Virginia</subfield><subfield code="c">Bedford</subfield><subfield code="d">Liberty.</subfield></datafield><datafield ind1="0" ind2="0" tag="780"><subfield code="t">Bedford Chronicle</subfield></datafield><datafield ind1="0" ind2="7" tag="785"><subfield code="t">Liberty news (Liberty, Va.: 1870: weekly)</subfield><subfield code="w">(DLC)sn 85034346</subfield></datafield><datafield ind1="0" ind2="7" tag="785"><subfield code="t">Bedford sentinel and news (Liberty, Va.: 1873: weekly)</subfield><subfield code="w">(DLC)sn 94059330</subfield></datafield></record>